@article{HM,
  title = {Theory of Half-Metal/Superconductor Heterostructures},
  author = {Eschrig, M. and Kopu, J. and Cuevas, J. C. and Sch\"on, Gerd},
  journal = {Phys. Rev. Lett.},
  volume = {90},
  issue = {13},
  pages = {137003},
  numpages = {4},
  year = {2003},
  month = {Apr},
  publisher = {American Physical Society},
  doi = {10.1103/PhysRevLett.90.137003},
}

@article{JMTJpi,
Author = {Shiro Kawabata and Yasuhiro Asano and Yukio Tanaka and Alexander A. Golubov and Satoshi Kashiwaya},
Title = {Josephson pi-state in a ferromagnetic insulator},
Year = {2010},
Eprint = {arXiv:1003.3083},
Howpublished = {Phys. Rev. Lett. 104 (2010) 117002},
Doi = {10.1103/PhysRevLett.104.117002},
}

@article{supercurrents,
Author = {M. Eschrig},
Title = {Spin-polarized supercurrents for spintronics: a review of current progress},
Year = {2015},
Eprint = {arXiv:1509.02242},
Howpublished = {Reports on Progress in Physics 78 (2015) 104501 (50pp)},
Doi = {10.1088/0034-4885/78/10/104501},
}

@article{fundapp,
Author = {Igor Zutic, Jaroslav Fabian, S. Das Sarma},
Title = {Spintronics: Fundamentals and applications},
Year = {2004},
Eprint = {arXiv:cond-mat/0405528},
Howpublished = {Rev. Mod. Phys. 76, 323-410 (2004)},
Doi = {10.1103/RevModPhys.76.323},
}

@article{review,
Author = {Jacob Linder and Jason W. A. Robinson},
Title = {Superconducting Spintronics},
Year = {2015},
Eprint = {arXiv:1510.00713},
Howpublished = {Nat. Phys. 11, 307 (2015)},
Doi = {10.1038/nphys3242},
}

@article{BCS,
  title = {Theory of Superconductivity},
  author = {Bardeen, J. and Cooper, L. N. and Schrieffer, J. R.},
  journal = {Phys. Rev.},
  volume = {108},
  issue = {5},
  pages = {1175--1204},
  numpages = {0},
  year = {1957},
  month = {Dec},
  publisher = {American Physical Society},
  doi = {10.1103/PhysRev.108.1175},
}

@article{contact,
  title = {Proximity effect of a ferromagnetic insulator in contact with a superconductor},
  author = {Tokuyasu, T. and Sauls, J. A. and Rainer, D.},
  journal = {Phys. Rev. B},
  volume = {38},
  issue = {13},
  pages = {8823--8833},
  numpages = {0},
  year = {1988},
  month = {Nov},
  publisher = {American Physical Society},
  doi = {10.1103/PhysRevB.38.8823},
}


@article{josephson,
   author = {B. D. Josephson},
    title = "{Possible new effects in superconductive tunnelling}",
  journal = {Physics Letters},
     year = 1962,
    month = jul,
   volume = 1,
    pages = {251-253},
      doi = {10.1016/0031-9163(62)91369-0},
  adsnote = {Provided by the SAO/NASA Astrophysics Data System}
}

@Book{ashcroft,
  author = 	 {N.W. Ashcroft and N.D. Mermin},
  title = 	 {{Solid State Physics}},
  publisher = 	 {Saunders College},
  year = 	 1976,
  address = 	 {Philadelphia},
}

@article{inhom,
  title = {Inhomogeneous Electron Gas},
  author = {Hohenberg, P. and Kohn, W.},
  journal = {Phys. Rev.},
  volume = {136},
  issue = {3B},
  pages = {B864--B871},
  numpages = {0},
  year = {1964},
  month = {Nov},
  publisher = {American Physical Society},
  doi = {10.1103/PhysRev.136.B864},
}

@article{andersen,
  title = {Linear methods in band theory},
  author = {Andersen, O. Krogh},
  journal = {Phys. Rev. B},
  volume = {12},
  issue = {8},
  pages = {3060--3083},
  numpages = {0},
  year = {1975},
  month = {Oct},
  publisher = {American Physical Society},
  doi = {10.1103/PhysRevB.12.3060},
}

@article{drchal,
  title = {Electronic structure of random alloys by the linear band-structure methods},
  author = {Kudrnovsk\'y, J. and Drchal, V.},
  journal = {Phys. Rev. B},
  volume = {41},
  issue = {11},
  pages = {7515--7528},
  numpages = {0},
  year = {1990},
  month = {Apr},
  publisher = {American Physical Society},
  doi = {10.1103/PhysRevB.41.7515},
}

@book{blundell,
  title={Magnetism in Condensed Matter},
  author={Blundell, S.},
  isbn={9780198505914},
  lccn={2001045164},
  series={Oxford Master Series in Condensed Matter Physics},
  year={2001},
  publisher={OUP Oxford}
}

@article{exc,
  title = {Accurate and simple analytic representation of the electron-gas correlation energy},
  author = {Perdew, John P. and Wang, Yue},
  journal = {Phys. Rev. B},
  volume = {45},
  issue = {23},
  pages = {13244--13249},
  numpages = {0},
  year = {1992},
  month = {Jun},
  publisher = {American Physical Society},
  doi = {10.1103/PhysRevB.45.13244},
}

@book{turek,
  title={Electronic Structure of Disordered Alloys, Surfaces and Interfaces},
  author={Turek, I.},
  isbn={9780792397984},
  lccn={96043786},
  year={1997},
  publisher={Springer US}
}

@article{permprob,
  title = {The Permalloy Problem},
  author = {Bozorth, R. M.},
  journal = {Rev. Mod. Phys.},
  volume = {25},
  issue = {1},
  pages = {42--48},
  numpages = {0},
  year = {1953},
  month = {Jan},
  publisher = {American Physical Society},
  doi = {10.1103/RevModPhys.25.42},
}

@book{martin,
  title={Electronic Structure: Basic Theory and Practical Methods},
  author={Martin, R.M.},
  isbn={9780521782852},
  lccn={2009285532},
  year={2004},
  publisher={Cambridge University Press}
}

@misc{ques,
  title = {Questaal Suite},
  howpublished = {\url{https://www.questaal.org/}},
  note = {Accessed: March 2017}
}

@article{gunn,
  title = {Self-consistent impurity calculations in the atomic-spheres approximation},
  author = {Gunnarsson, O. and Jepsen, O. and Andersen, O. K.},
  journal = {Phys. Rev. B},
  volume = {27},
  issue = {12},
  pages = {7144--7168},
  numpages = {0},
  year = {1983},
  month = {Jun},
  publisher = {American Physical Society},
  doi = {10.1103/PhysRevB.27.7144},
}

@misc{meanfield,
  title = {Notes: Chapter 3-Magnetism at finite temperatures},
  howpublished = {\url{https://sundoc.bibliothek.uni-halle.de/diss-online/06/06H162/t5.pdf}},
  note = {Accessed: March 2017}
}

@article {mram,
	author = {{\r A}kerman, Johan},
	title = {Toward a Universal Memory},
	volume = {308},
	number = {5721},
	pages = {508--510},
	year = {2005},
	doi = {10.1126/science.1110549},
	publisher = {American Association for the Advancement of Science},
	issn = {0036-8075},
	eprint = {http://science.sciencemag.org/content/308/5721/508.full.pdf},
	journal = {Science}
}